<?xml version="1.0" encoding="UTF-8"?><record xmlns="http://www.loc.gov/MARC21/slim" xmlns:cinclude="http://apache.org/cocoon/include/1.0" xmlns:zs="http://www.loc.gov/zing/srw/">
  <leader>00482nz  a2200121n  4500</leader>
  <controlfield tag="001">n  97101319 </controlfield>
  <controlfield tag="003">DLC</controlfield>
  <controlfield tag="005">19971006124823.2</controlfield>
  <controlfield tag="008">971006n| acannaab|          |n aaa |||  </controlfield>
  <datafield tag="010" ind1=" " ind2=" ">
    <subfield code="a">n  97101319 </subfield>
  </datafield>
  <datafield tag="040" ind1=" " ind2=" ">
    <subfield code="a">DLC</subfield>
    <subfield code="c">DLC</subfield>
  </datafield>
  <datafield tag="100" ind1="1" ind2="0">
    <subfield code="a">Gunn, Eleanor</subfield>
  </datafield>
  <datafield tag="670" ind1=" " ind2=" ">
    <subfield code="a">Cooperative apartment appraisal, 1997:</subfield>
    <subfield code="b">CIP t.p. (Eleanor Gunn) galley (real estate appraiser since 1984; dipl. in real estate investment analysis from NYU; B.A. and M.A. in English and history from Queen's Univ., Kingston, Ontario)</subfield>
  </datafield>
</record>